@book{martin2017clean,
	title={Clean Architecture: A Craftsman's Guide to Software Structure and Design},
	author={Martin, Robert C.},
	year={2017},
	publisher={Prentice Hall}
}

@article{fielding2000rest,
	title={Architectural styles and the design of network-based software architectures},
	author={Fielding, Roy Thomas},
	year={2000},
	publisher={University of California}
}

@online{react2024,
	title = {React Documentation},
	year = {2024},
	url = {https://react.dev},
	organization = {Meta}
}

@online{nodejs2024,
	title = {Node.js Documentation},
	year = {2024},
	url = {https://nodejs.org},
	organization = {OpenJS Foundation}
}